@article{UnityCG,
    title="CG Programming",
    author="Community",
    url="https://en.wikibooks.org/wiki/Cg_Programming/Unity",
    note="Accessed: 23/11/19",
    year="2019"
}
https://en.wikibooks.org/wiki/Cg_Programming/Programmable_Graphics_Pipeline
@article{progrendervertfrag,
    title="Programmable Graphics Pipeline",
    author="Community",
    url="https://en.wikibooks.org/wiki/Cg_Programming/Programmable_Graphics_Pipeline",
    note="Accessed: 23/11/19",
    year="2019"
}



@book{IP,
  title={Introduction to Video and Image Processing},
  author={Thomas B. Moeslund},
  isbn={978-1-4471-2502-0},
  year={2012},
  publisher={Springer London Dordrecht Heidelberg New York}
}

@article{Wolfram,
    title={WolframAlpha: Computational Intelligence},
    url={http://www.wolframalpha.com/},
    year={2018},
    author={Wolfram Alpha LLC}
}
