@book{IP,
  title={Introduction to Video and Image Processing},
  author={Thomas B. Moeslund},
  isbn={978-1-4471-2502-0},
  year={1995},
  publisher={Springer London Dordrecht Heidelberg New York}
}

@article{Wolfram,
    title={WolframAlpha: Computational Intelligence},
    url={http://www.wolframalpha.com/},
    year={2018},
    author={Wolfram Alpha LLC}
}
