@book{hsp,
  title={Sensation and Perception: 2nd Edition},
  author={Steven Yantis and Richard A.Abrams},
  isbn={978-1-319-15409-7},
  year={2017},
  publisher={Worth Publishers}
}
@article{NasaEM,
  title={The Electromagnetic Spectrum},
  author={The Imagine Team},
  url={https://imagine.gsfc.nasa.gov/science/toolbox/emspectrum1.html},
  year={2018}
}
@article{solveVisual,
    title={How does the brain solve visual object recognition?},
    author={James J. DiCarlo and Davide Zoccolan and Nicole C. Rust},
    url={https://www.ncbi.nlm.nih.gov/pmc/articles/PMC3306444/},
    year={2013},
}

@article{bieder,
    title={Recognition-by-Components: A Theory of Human Image Understanding},
    author={Irving Biederman},
    url={https://www.researchgate.net/publication/19585510_Recognition-by-Components_A_Theory_of_Human_Image_Understanding},
    year={1987},
}

@book{IP,
  title={Introduction to Video and Image Processing},
  author={Thomas B. Moeslund},
  isbn={978-1-4471-2502-0},
  year={2012},
  publisher={Springer London Dordrecht Heidelberg New York}
}

@article{OpenCV,
    title={Feature Matching},
    author={OpenCV},
    url={https://docs.opencv.org/3.3.0/dc/dc3/tutorial_py_matcher.html},
    year={2018}
}
